
@article{BeesonNW19,
  author    = {Beeson M. and
               Narboux J. and
               Wiedijk F.},
  title     = {Proof-checking {E}uclid},
  journal   = {Annals of Mathematics and Artificial Intelligence},
  volume    = {85},
  number    = {2-4},
  year      = {2019},
}

@article{BeesonW17,
  author    = {Beeson M. and
               Wos L.},
  title     = {Finding Proofs in {T}arskian Geometry},
  journal   = {Journal of Automated Reasoning},
  volume    = {58},
  number    = {1},
  year      = {2017},
}

@misc{euclidea,
    title={Euclidea},
    author={},
    publisher={},
    howpublished={\url{https://www.euclidea.xyz}},
}
@misc{project-page,
    title={Project webpage},
    author={},
    publisher={},
    howpublished={\url{https://data.ciirc.cvut.cz/public/projects/2021GeometryReasoning}},
}

@INPROCEEDINGS{maskrcnn,
  author={He K. and Gkioxari G. and Dollár P. and Girshick R.},
  booktitle={2017 IEEE International Conference on Computer Vision (ICCV)}, 
  title={Mask {R-CNN}}, 
  year={2017},
  volume={},
  number={},
  doi={10.1109/ICCV.2017.322}
}


@article{allen1,
author = {Seo M. J. and Hajishirzi H. and Farhadi A. and Etzioni O.},
title = {Diagram Understanding in Geometry Questions},
journal = {American Association for Artificial Intelligence},
year = {2014},
url = {https://geometry.allenai.org/assets/aaai2014.pdf},
}
@article{allen2,
title = {Solving Geometry Problems: Combining Text and Diagram Interpretation},
    author = {Seo M.  and
      Hajishirzi H.  and
      Farhadi A.  and
      Etzioni O.  and
      Malcolm C.},
    year = {2015},
    journal = "Association for Computational Linguistics",
url = {https://geometry.allenai.org/assets/emnlp2015.pdf},
}
@InProceedings{TGTP,
author={Quaresma P.},
editor={Schreck P.
and Narboux J. and
and Richter-Gebert J.},
title={Thousands of Geometric Problems for Geometric Theorem Provers ({TGTP})},
publisher={Springer Berlin Heidelberg},
year={2011},
}
@InProceedings{synth1,
author={Balbiani P. and Cerro L. F.},
title="Affine geometry of collinearity and conditional term rewriting",
year="1995",
publisher="Springer Berlin Heidelberg",
}
@article{synth2,
author = {Chou S. C. and
Gao X. S. and
Zhang J. Z.},
title = {A Deductive Database Approach to Automated Geometry Theorem Proving and Discovering},
year = {2000},
journal ={Journal of Automated Reasoning},
}
@article{wu,
author={Gao X.},
title={Transcendental functions and mechanical theorem proving in elementary geometries},
year={1990},
journal={Journal of Automated Reasoning},
}

@article{grobner,
title = {Using {G}röbner bases to reason about geometry problems},
journal = {Journal of Symbolic Computation},
volume = {2},
number = {4},
year = {1986},
url = {https://www.sciencedirect.com/science/article/pii/S0747717186800074},
author = {Deepak K.},
}

@article{Argotics,
author = {Vesna M.},
title = {Argo{T}ri{CS} – {A}utomated {T}riangle {C}onstruction {S}olver},
journal = {Journal of Experimental \& Theoretical Artificial Intelligence},
volume = {29},
number = {2},
year  = {2017},
publisher = {Taylor & Francis},
}
 
@Book{Qua92-Book,
  Title                    = {Automated Development of Fundamental Mathematical Theories},
  Author                   = {Quaife A.},
  Publisher                = {Kluwer Academic Publishers},
  Year                     = {1992},
  Comment                  = {TPTPRef}
}

@article{DurdevicNJ15,
  author    = {Stojanovic Durdevic S. and
               Narboux J. and
               Janicic P.},
  title     = {Automated generation of machine verifiable and readable proofs: {A}
               case study of {T}arski's geometry},
  journal   = {Annals of Mathematics and Artificial Intelligence},
  volume    = {74},
  number    = {3-4},
  year      = {2015},
}

@Article{MW97,
  Title                    = {{Otter: The CADE-13 Competition Incarnations}},
  Author                   = {McCune W. and Wos L.},
  Journal                  = {Journal of Automated Reasoning},
  Year                     = {1997},
  Number                   = {2},
}

@Unpublished{McC-Prover9-URL,
  Title                    = {{Prover9 and Mace4}},
  Author                   = {McCune W.},
  Note                     = {\url{http://www.cs.unm.edu/~mccune/prover9/}}
}
@Article{non_max_sup,
author = {Hosang J. and Benenson R. and Schiele B.},
title = {Learning Non-Maximum Suppression},
journal ={Conference on Computer Vision and Pattern Recognition (CVPR)},
year = {2017},
}

@inproceedings{JakubuvCOP0U20,
  author    = {Jakubuv J. and
               Chvalovsk{\'{y}} K. and
               Ols{\'{a}}k M. and
               Piotrowski B. and
               Suda M. and
               Urban J.},
  title     = {{ENIGMA} Anonymous: Symbol-Independent Inference Guiding Machine (System
               Description)},
  booktitle = {{IJCAR}},
  series    = {LNCS},
  volume    = {12167},
  pages     = {448--463},
  year      = {2020},
  url       = {https://doi.org/10.1007/978-3-030-51054-1\_29},
  doi       = {10.1007/978-3-030-51054-1\_29},
  timestamp = {Fri, 09 Apr 2021 18:50:52 +0200},
  biburl    = {https://dblp.org/rec/conf/cade/JakubuvCOP0U20.bib},
  bibsource = {dblp computer science bibliography, https://dblp.org}
}


@article{GauthierKUKN21,
  author    = {Gauthier T. and
               Kaliszyk C. and
               Urban J. and
               Kumar R. and
               Norrish M.},
  title     = {{TacticToe}: Learning to Prove with Tactics},
  journal   = {Journal of Automated Reasoning},
  volume    = {65},
  number    = {2},
  pages     = {257--286},
  year      = {2021},
  url       = {https://doi.org/10.1007/s10817-020-09580-x},
  doi       = {10.1007/s10817-020-09580-x},
  timestamp = {Tue, 02 Mar 2021 11:25:38 +0100},
  biburl    = {https://dblp.org/rec/journals/jar/GauthierKUKN21.bib},
  bibsource = {dblp computer science bibliography, https://dblp.org}
}
@article{AreaBook,
author = {Chou S. C. and Gao X. S. and Zhang J.},
year = {1994},
title = {Machine Proofs in Geometry: Automated Production of Readable Proofs for Geometry Theorems},
}
