%
%  An example of a bibliographical database for bibTeX
%
%  Recommended software for maintenance of *.bib files:
%    JabRef, http://jabref.sourceforge.net/
%
%  BEWARE:
%
%    *  If a name contains a capital letter, which must be kept such,
%       use curly brackets ({T}hailand, {HIV}).
%
%  ===========================================================================

@BOOK{Andel07,
  title = {Základy matematické statistiky},
  publisher = {Matfyzpress},
  year = {2007},
  author = {Anděl, J.},
  address = {Praha},
  series = {Druhé opravené vydání},
  isbn = {80-7378-001-1}
}

@BOOK{Andel98,
  title = {Statistické metody},
  publisher = {Matfyzpress},
  year = {1998},
  author = {Anděl, J.},
  address = {Praha},
  series = {Druhé přepracované vydání},
  isbn = {80-85863-27-8}
}

@ARTICLE{Cox72,
  author = {Cox, D. R.},
  title = {Regression models and life-tables (with {D}iscussion)},
  journal = {Journal of the Royal Statistical Society, Series B},
  year = {1972},
  volume = {34},
  pages = {187--220},
  number = {2}
}

@ARTICLE{DempsterLairdRubin77,
  author = {Dempster, A. P. and Laird, N. M. and Rubin, D. B.},
  title = {Maximum likelihood from incomplete data via the {EM} algorithm},
  journal = {Journal of the Royal Statistical Society, Series B},
  year = {1977},
  volume = {39},
  pages = {1--38},
  number = {1}
}

@ARTICLE{Genberget08,
  author = {Genberg, B. L. and Kulich, M. and Kawichai, S. and Modiba, P. and
	Chingono, A. and Kilonzo, G. P. and Richter, L. and Pettifor, A.
	and Sweat, M. and Celentano, D. D.},
  title = {{HIV} risk behaviors in Sub-{S}aharan {A}frica and {N}orthern {T}hailand:
	{B}aseline behavioral data from project {A}ccept},
  journal = {Journal of Acquired Immune Deficiency Syndrome},
  year = {2008},
  volume = {49},
  pages = {309--319}
}

@ARTICLE{KaplanMeier58,
  author = {Kaplan, E. L. and Meier, P.},
  title = {Nonparametric estimation from incomplete observations},
  journal = {Journal of the American Statistical Association},
  year = {1958},
  volume = {53},
  pages = {457--481},
  number = {282}
}

@BOOK{LehmannCasella98,
  title = {Theory of Point Estimation},
  publisher = {Springer-Verlag},
  year = {1998},
  author = {Lehmann, E. L. and Casella, G.},
  address = {New York},
  series = {{S}econd {E}dition},
  isbn = {0-387-98502-6}
}

@ARTICLE{Student08,
  author = {Student},
  title = {On the probable error of the mean},
  journal = {Biometrika},
  year = {1908},
  volume = {6},
  pages = {1-25}
}

@article{ancient_problem,
    author = {Gergelitsová Š. and Holan T.},
    title = {ANCIENT PROBLEMS VS. MODERN TECHNOLOGY},
    journal={Matfyzpress},
    year = {2019},
    %howpublished={\url{http://home.pf.jcu.cz/~sbml/wp-content/uploads/2019_Gergelitsova_Holan_1.pdf}}
}

@misc{matterport_maskrcnn_2017,
  title={Mask {R-CNN} for object detection and instance segmentation on Keras and TensorFlow},
  author={Abdulla W.},
  year={2017},
  publisher={Github},
  journal={GitHub repository},
  howpublished={\url{https://github.com/matterport/Mask_RCNN}},
}

@misc{py_euclidea,
    title={Python version of the Euclidea game for possible reinforcement learning agents (https://euclidea.xyz)},
    author={Olsak M.},
    publisher={Github},
    journal={GitHub repository},
    howpublished={\url{https://github.com/mirefek/py_euclidea/}},
}
@misc{euclidea,
    title={Euclidea},
    author={},
    publisher={},
    howpublished={\url{https://www.euclidea.xyz}},
}
@misc{mrcnn_schema,
title={Mask {R-CNN} schema},
author={},
publisher={},
howpublished={\url{https://ronjian.github.io/assets/Mask-RCNN/mask-rcnn.png}
}
@article{DBLP:journals/corr/HeGDG17,
  author    = {He K. and
               Gkioxari G. and
               Doll{\'{a}}r P. and
               Girshick R.},
  title     = {Mask {R-CNN}},
  journal={A Computing Research Repository},
  year      = {2017},
  %volume    = {abs/1703.06870}
  url       = {http://arxiv.org/abs/1703.06870},
  archivePrefix = {arXiv},
  eprint    = {1703.06870},
  timestamp = {Mon, 13 Aug 2018 16:46:36 +0200},
  biburl    = {https://dblp.org/rec/journals/corr/HeGDG17.bib},
  bibsource = {dblp computer science bibliography, https://dblp.org}
}
@article{Botana15,
author  = {Botana F. and
           Hohenwarter M. and
           Janičić P. and
           et al.},
year    = {2015},
journal = {Journal of Automated Reasoning},
title   = {Automated Theorem Proving in GeoGebra: Current Achievements},
howpublished={\url{https://link.springer.com/article/10.1007\%2Fs10817-015-9326-4},}
@article{hales17, title={A FORMAL PROOF OF THE KEPLER CONJECTURE}, DOI={10.1017/fmp.2017.1}, journal={Forum of Mathematics, Pi}, publisher={Cambridge University Press}, author={Hales T. and Adams M. and Bauer G. and Dang T. D. and Harrison J. and Le Truong H. and Kaliszyk C. and Magron V. and Mclaughlin S. and  Tat Thang N. and et al.}, year={2017}, %pages={e2}
%volume={5}
}
@inproceedings{seo15,
    title = "Solving Geometry Problems: Combining Text and Diagram Interpretation",
    author = "Seo M.  and
      Hajishirzi H.  and
      Farhadi A.  and
      Etzioni O.  and
      Malcolm C.",
    year = "2015",
    publisher = "Association for Computational Linguistics",
    journal = "Association for Computational Linguistics",
    url = "https://www.aclweb.org/anthology/D15-1171",
    doi = "10.18653/v1/D15-1171",
    %pages = "1466--1476",
    %address = "Lisbon, Portugal",
    %month = sep,
}

howpublished={\url{https://www.semanticscholar.org/paper/Solving-Geometry-Problems\%3A-Combining-Text-and-Seo-Hajishirzi/c87dccf7c21e67679389f23f86f039cd96720c3f}},
}
@article{strudel19,
  author    = {Robin A. M. Strudel and
               Alexander Pashevich and
               Igor Kalevatykh and
               Ivan Laptev and
               Josef Sivic and
               Cordelia Schmid},
  title     = {Combining learned skills and reinforcement learning for robotic manipulations},
  journal   = {CoRR},
  volume    = {abs/1908.00722},
  year      = {2019},
  url       = {http://arxiv.org/abs/1908.00722},
  archivePrefix = {arXiv},
  eprint    = {1908.00722},
  timestamp = {Fri, 09 Aug 2019 12:15:56 +0200},
  biburl    = {https://dblp.org/rec/journals/corr/abs-1908-00722.bib},
  bibsource = {dblp computer science bibliography, https://dblp.org}
}
@misc{he2018mask,
      title={Mask R-CNN}, 
      author={He K. and Gkioxari G. and Dollár P. and Girshick R.},
      year={2018},
      journal={A Computing Research Repository},
}
@article{DBLP:journals/corr/abs-1211-7012,
  author    = {Kaliszyk K. and
               Urban J.},
  title     = {Learning-assisted Automated Reasoning with Flyspeck},
  journal   = {A Computing Research Repository},
  year      = {2012},
  %volume    = {abs/1211.7012},
  url       = {http://arxiv.org/abs/1211.7012},
  archivePrefix = {arXiv},
  eprint    = {1211.7012},
  timestamp = {Mon, 13 Aug 2018 16:47:30 +0200},
  biburl    = {https://dblp.org/rec/journals/corr/abs-1211-7012.bib},
  bibsource = {dblp computer science bibliography, https://dblp.org}
}
@article{DBLP:journals/corr/abs-1712-09184,
  author    = {Girdhar R. and
               Gkioxari G. and
               Torresani L. and
               Paluri M. and
               Tran D.},
  title     = {Detect-and-Track: Efficient Pose Estimation in Videos},
  journal={A Computing Research Repository},
  
  year      = {2017},
  url       = {http://arxiv.org/abs/1712.09184},
  archivePrefix = {arXiv},
  eprint    = {1712.09184},
  timestamp = {Mon, 13 Aug 2018 16:47:37 +0200},
  biburl    = {https://dblp.org/rec/journals/corr/abs-1712-09184.bib},
  bibsource = {dblp computer science bibliography, https://dblp.org}
}
@article{DBLP:journals/corr/abs-1904-02683,
  author    = {Li Z. and
               Sedlar J. and
               Carpentier J. and
               Laptev I. and
               Mansard N. and
               Sivic J.},
  title     = {Estimating 3D Motion and Forces of Person-Object Interactions from
               Monocular Video},
  journal   = {A Computing Research Repository}},
  year      = {2019},
  %volume    = {abs/1904.02683},
  url       = {http://arxiv.org/abs/1904.02683},
  archivePrefix = {arXiv},
  eprint    = {1904.02683},
  timestamp = {Wed, 24 Apr 2019 12:21:25 +0200},
  biburl    = {https://dblp.org/rec/journals/corr/abs-1904-02683.bib},
  bibsource = {dblp computer science bibliography, https://dblp.org}
}
@Article{Fischler81,
  author       = "Fischler M.~A. and Bolles R.~C.",
  title        = "Random sample consensus: {A} paradigm for model
                 fitting with applications to image analysis and
                 automated cartography",
  journal      = {Communications of the ACM},
  year         = "1981",
  %volume       = "24",
  %number       = "6",
  %pages        = "381--395",
}
@article{stojanovicdurdevic:hal-01091011,
  TITLE = {{Automated Generation of Machine Verifiable and Readable Proofs: A Case Study of Tarski's Geometry}},
  AUTHOR = {Stojanovic Durdevic S. and Narboux J. and Janicic P.},
  URL = {https://hal.inria.fr/hal-01091011},
  JOURNAL = {{Annals of Mathematics and Artificial Intelligence}},
  PUBLISHER = {{Springer Verlag}},
  %VOLUME = {73},
  %NUMBER = {3},
  %PAGES = {25},
  YEAR = {2015},
  DOI = {10.1007/s10472-014-9443-5},
  PDF = {https://hal.inria.fr/hal-01091011v2/file/AFTarski.pdf},
  HAL_ID = {hal-01091011},
  HAL_VERSION = {v2},
}
@article{Girdhar_2019_CVPR,
author = {Girdhar R. and
Carreira J. and 
Doersch C. and
Zisserman A.},
title = {Video Action Transformer Network},
JOURNAL = {Computer Vision and Pattern Recognition},
year = {2019},
}